<?xml version="1.0" encoding="UTF-8"?><collection><record><leader>06599ntm a2200661 a 4500</leader><controlfield tag="001">006803327</controlfield><controlfield tag="003">MiAaHDL</controlfield><controlfield tag="005">20190719000000.0</controlfield><controlfield tag="006">m        d        </controlfield><controlfield tag="007">cr bn ---auaua</controlfield><controlfield tag="008">090527s1548    xx            00| ||ara d</controlfield><datafield tag="035" ind1=" " ind2=" "><subfield code="a">(MiU)006803327</subfield></datafield><datafield tag="035" ind1=" " ind2=" "><subfield code="a">sdr-miu006803327</subfield></datafield><datafield tag="040" ind1=" " ind2=" "><subfield code="a">MiU</subfield><subfield code="c">MiU</subfield><subfield code="e">amremm</subfield></datafield><datafield tag="043" ind1=" " ind2=" "><subfield code="a">n-us-mi</subfield></datafield><datafield tag="100" ind1="0" ind2=" "><subfield code="6">880-01</subfield><subfield code="a">Aḥmad ibn Muḥammad ibn Sulaymān al-ʻAllāmī al-Ḥanafī.</subfield></datafield><datafield tag="245" ind1="1" ind2="0"><subfield code="6">880-03</subfield><subfield code="a">[Kitāb al-ghaṣb maʻa Kitāb al-jināyah,</subfield><subfield code="f">955, i.e. 1548].</subfield></datafield><datafield tag="246" ind1="3" ind2=" "><subfield code="i">Edge title (tail):</subfield><subfield code="a">فتاواى كتاب الغصب مع جنايات</subfield></datafield><datafield tag="260" ind1=" " ind2=" "><subfield code="c">[1548].</subfield></datafield><datafield tag="300" ind1=" " ind2=" "><subfield code="a">62 leaves :</subfield><subfield code="b">paper ;</subfield><subfield code="c">174 x 139 (105 x 90) mm.</subfield></datafield><datafield tag="500" ind1=" " ind2=" "><subfield code="a">Shelfmark: Ann Arbor, University of Michigan, Special Collections Library, Isl. Ms. 554</subfield></datafield><datafield tag="500" ind1=" " ind2=" "><subfield code="a">Origin: As appears in colophon on p.63, transcription of first work (with second word to follow) completed 27 Muḥarram 955 [ca. 8 March 1548].</subfield></datafield><datafield tag="500" ind1=" " ind2=" "><subfield code="a">Accompanying materials: a. Inventory cataloguing slip (on recycled card) in hand of Winifred Smeaton Thomas -- b. Acquisitions slip from Yahuda -- c. Scrap with notes, etc. (see pp.65-66).</subfield></datafield><datafield tag="500" ind1=" " ind2=" "><subfield code="a">Former shelfmark: From interior of upper cover and spine label "IL 258a2" (likely supplied by Yahuda, see acquisitions slip).</subfield></datafield><datafield tag="500" ind1=" " ind2=" "><subfield code="a">Binding: Pasteboards covered in marbled paper (in dark blue, green, white, etc.) with dark red leather over spine and fore edge flap ; Type II binding (with flap) ; board linings in untinted European laid paper ; sewn in cream thread, two stations ; worked chevron endbands in lavender and yellow, in fairly good condition ; overall in fair condition with some abrasion, lifting and losses of paper, minor delamination of boards at corners, staining, etc.</subfield></datafield><datafield tag="500" ind1=" " ind2=" "><subfield code="a">Support: non-European laid paper with 8 laid lines per cm. (vertical, fairly straight and distinct), chain lines grouped in threes with 11-15 mm. between chains and 26-34 mm. between groups (vertical) ; fairly thin and transluscent, lightly sized and burnished, many inclusions ; staining and tide lines.</subfield></datafield><datafield tag="500" ind1=" " ind2=" "><subfield code="a">Decoration: Section headings, keywords and abbreviation symbols rubricated ; textual dividers in the form of red discs, inverted commas, hāʼ, etc.</subfield></datafield><datafield tag="500" ind1=" " ind2=" "><subfield code="a">Script: Naskh ; large, clear 'Syrian' hand in a medium to bold line ; virtually serifless with slight effect of tilt to the left, curvilinear descenders, many closed counters, pointing mainly in distinct dots, kāf mashqūqah preferred (even final kāf) with hooked serif on shaqq.</subfield></datafield><datafield tag="500" ind1=" " ind2=" "><subfield code="a">Layout: Written in 19 lines per page ; frame-ruled.</subfield></datafield><datafield tag="500" ind1=" " ind2=" "><subfield code="a">Collation: i, 6 V(60), I+1 (63), i ; chiefly quinions ; catchwords present ; foliation in black ink, Hindu-Arabic numerals ; pagination in pencil, Western numerals, supplied during digitization (includes scrap with notes and some flyleaves).</subfield></datafield><datafield tag="500" ind1=" " ind2=" "><subfield code="a">Colophon: "Scribal," triangular, reads "نجز كتاب الغصب للامام العالم العلامة احمد بن محمد بن سليمان العلامي الحنفي رحمه الله تعالى ويليه كتاب الجناية للمؤلف ايضا بتاريخ يوم الخميس سابع عشري شهر الله المحرم الحرام سنة خمس وخمسين وتسعمائة احسن الله تعالى عاقبها امين"</subfield></datafield><datafield tag="500" ind1=" " ind2=" "><subfield code="a">Incipit: [Kitāb al-ghaṣb] "كتاب الغصب وهو محرم بالاجماع ياثم به ان علم ان ما اخذه لغيره ..." ; [Kitāb al-jināyah] "كتاب الجناية وفيه فصول الاول فيما يضمن بارسال الدابة وادخالها وربطها ..."</subfield></datafield><datafield tag="500" ind1=" " ind2=" "><subfield code="a">Title supplied by cataloguer from 'title pages' on p.3 and p.67.</subfield></datafield><datafield tag="500" ind1=" " ind2=" "><subfield code="a">Ms. codex.</subfield></datafield><datafield tag="505" ind1="0" ind2=" "><subfield code="a">3. p. 67-p.125 : Kitāb al-jināyah / Aḥmad ibn Muḥammad ibn Sulaymān al-ʻAllāmī al-Ḥanafī.</subfield></datafield><datafield tag="505" ind1="0" ind2=" "><subfield code="a">2. p.64 : [blank].</subfield></datafield><datafield tag="505" ind1="0" ind2=" "><subfield code="a">1. p.3-p.63 : Kitāb al-ghaṣb / Aḥmad ibn Muḥammad ibn Sulaymān al-ʻAllāmī al-Ḥanafī.</subfield></datafield><datafield tag="510" ind1="4" ind2=" "><subfield code="a">Brockelmann, C. GAL,</subfield><subfield code="c">S II 949</subfield></datafield><datafield tag="520" ind1="8" ind2=" "><subfield code="a">Clear copy of two legal works, the first on illegal appropriation or use of rights of another (ghaṣb) and the second on crime (jināyah) by Aḥmad ibn Muḥammad ibn Sulaymān al-ʻAllāmī al-Ḥanafī.</subfield></datafield><datafield tag="538" ind1=" " ind2=" "><subfield code="a">Mode of access: Internet.</subfield></datafield><datafield tag="541" ind1=" " ind2=" "><subfield code="a">Acquired in 1926 from the bookseller Isaac Benjamin S.E. Yahuda via purchase transacted on his behalf by his younger brother, the famous Orientalist and manuscript collector Abraham Shalom Yahuda (1877-1951).</subfield></datafield><datafield tag="546" ind1=" " ind2=" "><subfield code="a">Arabic.</subfield></datafield><datafield tag="561" ind1=" " ind2=" "><subfield code="a">Ownership statements on front flyleaf, one in name of ʻAbd al-Wahhāb ibn ʻAbd al-Raḥmān ibn ʻAlī (عبد الوهاب بن عبد الرحمن بن علي) another dated 970 [1562 or 3] in name of ʻAlī ibn Amr Allāh ibn Muḥammad (علي بن امر الله بن محمد) ; ownership (purchase) statement on 'title page' (p.3) for Kitāb al-ghaṣb in name of Yaḥyá ibn Muḥammad ibn Ibrāhīm ibn al-Ḥājj Ṣāliḥ ibn Dalī [?] Ibrāhīm al-Basnawī (Yahya bin Mehmet bin İbrahim bin Salih bin Deli İbrahim Bosnevî, يحيى بن محمد بن ابراهيم بن الحاج صالح بن دلي [؟] ابراهيم البسنوي) indicating that he purchased the book in Sarejevo (سراى) for one riyāl in 1215 [1800 or 1] ; hexagonal seal imression in margin of p.10 ; occasional marginal corrections, glosses and notabilia (some rubricated).</subfield></datafield><datafield tag="650" ind1=" " ind2="0"><subfield code="a">Manuscripts, Arabic</subfield><subfield code="z">Michigan</subfield><subfield code="z">Ann Arbor.</subfield></datafield><datafield tag="650" ind1=" " ind2="0"><subfield code="a">Criminal law (Islamic law)</subfield><subfield code="v">Early works to 1800.</subfield></datafield><datafield tag="650" ind1=" " ind2="0"><subfield code="a">Torts (Islamic law)</subfield><subfield code="v">Early works to 1800.</subfield></datafield><datafield tag="650" ind1=" " ind2="0"><subfield code="a">Acquisition of property (Islamic law)</subfield><subfield code="v">Early works to 1800.</subfield></datafield><datafield tag="650" ind1=" " ind2="0"><subfield code="a">Breach of contract (Islamic law)</subfield><subfield code="v">Early works to 1800.</subfield></datafield><datafield tag="650" ind1=" " ind2="0"><subfield code="a">Hanafites</subfield><subfield code="v">Early works to 1800.</subfield></datafield><datafield tag="650" ind1=" " ind2="0"><subfield code="a">Islamic law</subfield><subfield code="v">Early works to 1800.</subfield></datafield><datafield tag="700" ind1="0" ind2=" "><subfield code="6">880-05</subfield><subfield code="a">Yahya bin Mehmet Bosnevî,</subfield><subfield code="d">fl. 1800,</subfield><subfield code="e">former owner.</subfield></datafield><datafield tag="700" ind1="0" ind2=" "><subfield code="6">880-04</subfield><subfield code="a">ʻAbd al-Wahhāb ibn ʻAbd al-Raḥmān,</subfield><subfield code="d">fl. 1562,</subfield><subfield code="e">former owner.</subfield></datafield><datafield tag="740" ind1="0" ind2="2"><subfield code="a">Kitāb al-jināyah</subfield></datafield><datafield tag="773" ind1="0" ind2=" "><subfield code="a">Yahuda Collection.</subfield></datafield><datafield tag="880" ind1="0" ind2=" "><subfield code="6">700-05/</subfield><subfield code="a">يحيى بن محمد البسنوى،</subfield><subfield code="e">مالك سابق.</subfield></datafield><datafield tag="880" ind1="0" ind2=" "><subfield code="6">700-04/</subfield><subfield code="a">عبد الوهاب بن عبد الرحمن،</subfield><subfield code="e">مالك سابق.</subfield></datafield><datafield tag="880" ind1="1" ind2="0"><subfield code="6">245-03/</subfield><subfield code="a">[كتاب الغصب مع كتاب الجناية,</subfield><subfield code="f">955ه، 1548م].</subfield></datafield><datafield tag="880" ind1="0" ind2=" "><subfield code="6">100-01/</subfield><subfield code="a">احمد بن محمد بن سليمان العلامي الحنفي.</subfield></datafield><datafield tag="CID" ind1=" " ind2=" "><subfield code="a">006803327</subfield></datafield><datafield tag="DAT" ind1="0" ind2=" "><subfield code="a">20190719102636.0</subfield><subfield code="b">20190719000000.0</subfield></datafield><datafield tag="DAT" ind1="1" ind2=" "><subfield code="a">20190719090653.0</subfield><subfield code="b">2019-07-19T16:11:38Z</subfield></datafield><datafield tag="DAT" ind1="2" ind2=" "><subfield code="a">2015-10-02T18:00:03Z</subfield></datafield><datafield tag="CAT" ind1=" " ind2=" "><subfield code="a">SDR-MIU</subfield><subfield code="d">EX LIBRIS - ALEPH</subfield><subfield code="l">prepare.pl-004-008</subfield></datafield><datafield tag="FMT" ind1=" " ind2=" "><subfield code="a">BK</subfield></datafield><datafield tag="HOL" ind1=" " ind2=" "><subfield code="0">sdr-miu006803327</subfield><subfield code="a">MiU</subfield><subfield code="b">SDR</subfield><subfield code="c">MIU</subfield><subfield code="p">mdp.39015079126481</subfield><subfield code="s">MIU</subfield><subfield code="1">006803327</subfield></datafield><datafield tag="974" ind1=" " ind2=" "><subfield code="b">MIU</subfield><subfield code="c">MIU</subfield><subfield code="d">20190719</subfield><subfield code="s">lit-dlps-dc</subfield><subfield code="u">mdp.39015079126481</subfield><subfield code="y">1548</subfield><subfield code="r">pd</subfield><subfield code="q">bib</subfield><subfield code="t">non-US bib date1 &lt; 1879</subfield></datafield></record></collection>